@incollection{powers2007individual,
  title={Individual selection for cooperative group formation},
  author={Powers, Simon T and Penn, Alexandra S and Watson, Richard A},
  booktitle={Advances in Artificial Life},
  pages={585--594},
  year={2007},
  publisher={Springer}
}

@article{wilson1975theory,
  title={A theory of group selection},
  author={Wilson, David Sloan},
  journal={Proceedings of the national academy of sciences},
  volume={72},
  number={1},
  pages={143--146},
  year={1975},
  publisher={National Acad Sciences}
}

@article{powers2012efficacy,
  title={The efficacy of group selection is increased by coexistence dynamics within groups},
  author={Powers, Simon T and Penn, Alexandra S and Watson, Richard A},
  journal={arXiv preprint arXiv:1208.0518},
  year={2012}
}

@article{axelrod1987evolution,
  title={The evolution of strategies in the iterated prisoner's dilemma},
  author={Axelrod, Robert},
  journal={The dynamics of norms},
  pages={1--16},
  year={1987}
}

@article{szathmary1995major,
  title={The major transitions in evolution},
  author={Szathmary, Eors and Maynard Smith, J},
  journal={Nature},
  volume={374},
  pages={227--232},
  year={1995}
}